@article{Greenrail,
author = Greenrail,
year = {2017},
title = {Sito web Greenrail},
},
